
@inproceedings{Hermet09_Using,
 author = {Hermet, Matthieu and D\'{e}silets, Alain},
 title = {Using first and second language models to correct preposition errors in second language authoring},
 booktitle = {Proceedings of the Fourth Workshop on Innovative Use of NLP for Building Educational Applications},
 series = {EdAppsNLP '09},
 year = {2009},
 isbn = {978-1-932432-37-4},
 location = {Boulder, Colorado},
 pages = {64-72},
 numpages = {9},
 url = {http://portal.acm.org/citation.cfm?id=1609843.1609853},
 acmid = {1609853},
 publisher = {Association for Computational Linguistics},
 address = {Stroudsburg, PA, USA},
} 

@inproceedings{Gamon10_Using,
 author = {Gamon, Michael},
 title = {Using mostly native data to correct errors in learners' writing: a meta-classifier approach},
 booktitle = {Human Language Technologies: The 2010 Annual Conference of the North American Chapter of the Association for Computational Linguistics},
 series = {HLT '10},
 year = {2010},
 isbn = {1-932432-65-5},
 location = {Los Angeles, California},
 pages = {163--171},
 numpages = {9},
 url = {http://portal.acm.org/citation.cfm?id=1857999.1858018},
 acmid = {1858018},
 publisher = {Association for Computational Linguistics},
 address = {Stroudsburg, PA, USA},
} 

@inproceedings{Rozovskaya10_Annotating,
 author = {Rozovskaya, Alla and Roth, Dan},
 title = {Annotating ESL errors: challenges and rewards},
 booktitle = {Proceedings of the NAACL HLT 2010 Fifth Workshop on Innovative Use of NLP for Building Educational Applications},
 series = {IUNLPBEA '10},
 year = {2010},
 location = {Los Angeles, California},
 pages = {28--36},
 numpages = {9},
 url = {http://portal.acm.org/citation.cfm?id=1866795.1866799},
 acmid = {1866799},
 publisher = {Association for Computational Linguistics},
 address = {Stroudsburg, PA, USA},
} 

@inproceedings{Sun10_Learning,
 author = {Sun, Xu and Gao, Jianfeng and Micol, Daniel and Quirk, Chris},
 title = {Learning phrase-based spelling error models from clickthrough data},
 booktitle = {Proceedings of the 48th Annual Meeting of the Association for Computational Linguistics},
 series = {ACL '10},
 year = {2010},
 location = {Uppsala, Sweden},
 pages = {266--274},
 numpages = {9},
 url = {http://portal.acm.org/citation.cfm?id=1858681.1858709},
 acmid = {1858709},
 publisher = {Association for Computational Linguistics},
 address = {Stroudsburg, PA, USA},
} 


@article{Gamon09_Computer,
	Author = {Gamon, Michael and Leacock, Claudia and Brockett, Chris and Dolan, William B. and Gao, Jianfeng and Belenko, Dmitriy and Klementiev, Alexandre},
	Date = {2009/05/00},
	Date-Added = {2011-02-21 13:01:11 -0500},
	Date-Modified = {2011-02-21 13:01:11 -0500},
	Id = {EJ849509},
	Isbn = {ISSN-0742-7778},
	Journal = {CALICO Journal},
	Month = {05},
	Number = {3},
	Pages = {491--511},
	Publisher = {Computer Assisted Language Instruction Consortium. 214 Centennial Hall, 601 University Drive, San Marcos, TX 78666. Tel: 512-245-1417; Fax: 512-245-9089; e-mail: info{\char64}calico.org: Web site: http://calico.org},
	Title = {Using Statistical Techniques and Web Search to Correct ESL Errors},
	Ty = {JOUR},
	Url = {http://www.eric.ed.gov/ERICWebPortal/detail?accno=EJ849509},
	Volume = {26},
	Year = {2009},
	Bdsk-Url-1 = {http://www.eric.ed.gov/ERICWebPortal/detail?accno=EJ849509}
}

@book{Leacock10_Automated,
  author    = {Claudia Leacock and
               Martin Chodorow and
               Michael Gamon and
               Joel R. Tetreault},
  title     = {Automated Grammatical Error Detection for Language Learners},
  booktitle = {Automated Grammatical Error Detection for Language Learners},
  publisher = {Morgan {\&} Claypool Publishers},
  series    = {Synthesis Lectures on Human Language Technologies},
  year      = {2010},
  ee        = {http://dx.doi.org/10.2200/S00275ED1V01Y201006HLT009},
  bibsource = {DBLP, http://dblp.uni-trier.de}
}

@article{Burstein04_Automated,
  author    = {Jill Burstein and
               Martin Chodorow and
               Claudia Leacock},
  title     = {Automated Essay Evaluation: The Criterion Online Writing
               Service},
  journal   = {AI Magazine},
  volume    = {25},
  number    = {3},
  year      = {2004},
  pages     = {27-36},
  ee        = {http://www.aaai.org/ojs/index.php/aimagazine/article/view/1774},
  bibsource = {DBLP, http://dblp.uni-trier.de}
}


@inproceedings{ChodorowL00_Unsupervised,
  author    = {Martin Chodorow and
               Claudia Leacock},
  title     = {An Unsupervised Method for Detecting Grammatical Errors},
  booktitle = {ANLP},
  year      = {2000},
  pages     = {140-147},
  ee        = {http://acl.ldc.upenn.edu/A/A00/A00-2019.pdf},
  bibsource = {DBLP, http://dblp.uni-trier.de}
}

@inproceedings{Tetreault10_Reranking,
 author = {Tetreault, Joel R. and Filatova, Elena and Chodorow, Martin},
 title = {Rethinking grammatical error annotation and evaluation with the Amazon Mechanical Turk},
 booktitle = {Proceedings of the NAACL HLT 2010 Fifth Workshop on Innovative Use of NLP for Building Educational Applications},
 series = {IUNLPBEA '10},
 year = {2010},
 location = {Los Angeles, California},
 pages = {45--48},
 numpages = {4},
 url = {http://portal.acm.org/citation.cfm?id=1866795.1866801},
 acmid = {1866801},
 publisher = {Association for Computational Linguistics},
 address = {Stroudsburg, PA, USA},
} 

@article{Leacock03_C-rater,
  author    = {Claudia Leacock and
               Martin Chodorow},
  title     = {C-rater: Automated Scoring of Short-Answer Questions},
  journal   = {Computers and the Humanities},
  volume    = {37},
  number    = {4},
  year      = {2003},
  pages     = {389-405},
  ee        = {http://dx.doi.org/10.1023/A:1025779619903},
  bibsource = {DBLP, http://dblp.uni-trier.de}
}

@inproceedings{Burstein03_Criterion,
  author    = {Jill Burstein and
               Martin Chodorow and
               Claudia Leacock},
  title     = {Criterion$^{\mbox{SM}}$ Online Essay Evaluation: An Application
               for Automated Evaluation of Student Essays},
  booktitle = {IAAI},
  year      = {2003},
  pages     = {3-10},
bibsource = {DBLP, http://dblp.uni-trier.de}
}

@inproceedings{Tetreault10_Using,
  author    = {Joel R. Tetreault and
               Jennifer Foster and
               Martin Chodorow},
  title     = {Using Parse Features for Preposition Selection and Error
               Detection},
  booktitle = {ACL (Short Papers)},
  year      = {2010},
  pages     = {353-358},
  ee        = {http://www.aclweb.org/anthology/P10-2065},
  bibsource = {DBLP, http://dblp.uni-trier.de}
}

@inproceedings{TetreaultChodorow08_Ups,
  author    = {Joel R. Tetreault and
               Martin Chodorow},
  title     = {The Ups and Downs of Preposition Error Detection in ESL
               Writing},
  booktitle = {COLING},
  year      = {2008},
  pages     = {865-872},
  ee        = {http://www.aclweb.org/anthology/C08-1109},
  bibsource = {DBLP, http://dblp.uni-trier.de}
}

@inproceedings{Gamon10_2_Using,
  author    = {Michael Gamon},
  title     = {Using Mostly Native Data to Correct Errors in Learners'
               Writing},
  booktitle = {HLT-NAACL},
  year      = {2010},
  pages     = {163-171},
  ee        = {http://www.aclweb.org/anthology/N10-1019},
  bibsource = {DBLP, http://dblp.uni-trier.de}
}

@inproceedings{BrockettDG06_Correcting,
  author    = {Chris Brockett and
               William B. Dolan and
               Michael Gamon},
  title     = {Correcting ESL Errors Using Phrasal SMT Techniques},
  booktitle = {ACL},
  year      = {2006},
  ee        = {http://acl.ldc.upenn.edu/P/P06/P06-1032.pdf},
  bibsource = {DBLP, http://dblp.uni-trier.de}
}


@inproceedings{RozovskayaR10_Training,
 author = {Rozovskaya, Alla and Roth, Dan},
 title = {Training paradigms for correcting errors in grammar and usage},
 booktitle = {Human Language Technologies: The 2010 Annual Conference of the North American Chapter of the Association for Computational Linguistics},
 series = {HLT '10},
 year = {2010},
 isbn = {1-932432-65-5},
 location = {Los Angeles, California},
 pages = {154--162},
 numpages = {9},
 url = {http://portal.acm.org/citation.cfm?id=1857999.1858017},
 acmid = {1858017},
 publisher = {Association for Computational Linguistics},
 address = {Stroudsburg, PA, USA},
} 

@inproceedings{Dickinson10_Generating,
 author = {Dickinson, Markus},
 title = {Generating learner-like morphological errors in Russian},
 booktitle = {Proceedings of the 23rd International Conference on Computational Linguistics},
 series = {COLING '10},
 year = {2010},
 location = {Beijing, China},
 pages = {259--267},
 numpages = {9},
 url = {http://portal.acm.org/citation.cfm?id=1873781.1873811},
 acmid = {1873811},
 publisher = {Association for Computational Linguistics},
 address = {Stroudsburg, PA, USA},
} 

@inproceedings{Rozovskaya10_Generating,
 author = {Rozovskaya, Alla and Roth, Dan},
 title = {Generating confusion sets for context-sensitive error correction},
 booktitle = {Proceedings of the 2010 Conference on Empirical Methods in Natural Language Processing},
 series = {EMNLP '10},
 year = {2010},
 location = {Cambridge, Massachusetts},
 pages = {961--970},
 numpages = {10},
 url = {http://portal.acm.org/citation.cfm?id=1870658.1870752},
 acmid = {1870752},
 publisher = {Association for Computational Linguistics},
 address = {Stroudsburg, PA, USA},
} 

@inproceedings{Dickinson10_Building, 
  author =       {Markus Dickinson and Ross Israel and Sun-Hee Lee},
  title =        {Building a Korean Web Corpus for Analyzing Learner Language},
  booktitle =    {Proceedings of the 6th Workshop on
                  the Web as Corpus (WAC-6)},
  address = {Los Angeles}, 
  pages =        {},
  year =         {2010},
  url =  {http://jones.ling.indiana.edu/~mdickinson/papers/dickinson-israel-lee10.html}
}

@MISC{Tetreault09_Examining,
    author = {Joel R. Tetreault and Martin Chodorow},
    title = {Examining the Use of Region Web Counts for ESL Error Detection},
    year = {2009}
}

@MISC{Foster09_GenERRate,
    author = {Jennifer Foster and Øistein E. Andersen},
    title = {GenERRate: Generating Errors for Use in Grammatical Error Detection},
    year = {2009}
}

@inproceedings{Omar09_Automated,
 author = {Omar, Nazlia and Razali, Nur Asma and Darus, Saadiyah},
 title = {Automated Grammar Checking of Tenses for ESL Writing},
 booktitle = {Proceedings of the 4th International Conference on Rough Sets and Knowledge Technology},
 series = {RSKT '09},
 year = {2009},
 isbn = {978-3-642-02961-5},
 location = {Gold Coast, Australia},
 pages = {475--482},
 numpages = {8},
 url = {http://dx.doi.org/10.1007/978-3-642-02962-2_60},
 doi = {http://dx.doi.org/10.1007/978-3-642-02962-2_60},
 acmid = {1575899},
 publisher = {Springer-Verlag},
 address = {Berlin, Heidelberg},
 keywords = {Automated essay marking, computer-based essay marking, heuristics, natural language processing},
} 

@inproceedings{Tsao09_Method,
 author = {Tsao, Nai-Lung and Wible, David},
 title = {A method for unsupervised broad-coverage lexical error detection and correction},
 booktitle = {Proceedings of the Fourth Workshop on Innovative Use of NLP for Building Educational Applications},
 series = {EdAppsNLP '09},
 year = {2009},
 isbn = {978-1-932432-37-4},
 location = {Boulder, Colorado},
 pages = {51--54},
 numpages = {4},
 url = {http://portal.acm.org/citation.cfm?id=1609843.1609851},
 acmid = {1609851},
 publisher = {Association for Computational Linguistics},
 address = {Stroudsburg, PA, USA},
} 

@INPROCEEDINGS{Gamon_usingcontextual,
    author = {Michael Gamon and Jianfeng Gao and Chris Brockett and Alex Klementiev},
    title = {Using contextual speller techniques and language modeling for ESL error correction},
    booktitle = {In Proceedings of IJCNLP 2008},
    year = {2008}
}

@MISC{Yi08_Web-based,
    author = {Xing Yi and Jianfeng Gao and William B. Dolan},
    title = {A Web-based English Proofing System for English as a Second Language Users},
    year = {2008}
}

@inproceedings{Turner07_Language,
 author = {Turner, Jenine and Charniak, Eugene},
 title = {Language modeling for determiner selection},
 booktitle = {Human Language Technologies 2007: The Conference of the North American Chapter of the Association for Computational Linguistics; Companion Volume, Short Papers},
 series = {NAACL-Short '07},
 year = {2007},
 location = {Rochester, New York},
 pages = {177--180},
 numpages = {4},
 url = {http://portal.acm.org/citation.cfm?id=1614108.1614153},
 acmid = {1614153},
 publisher = {Association for Computational Linguistics},
 address = {Stroudsburg, PA, USA},
} 

@inproceedings{DeFelice08_Classifier,
 author = {De Felice, Rachele and Pulman, Stephen G.},
 title = {A classifier-based approach to preposition and determiner error correction in L2 English},
 booktitle = {Proceedings of the 22nd International Conference on Computational Linguistics - Volume 1},
 series = {COLING '08},
 year = {2008},
 isbn = {978-1-905593-44-6},
 location = {Manchester, United Kingdom},
 pages = {169--176},
 numpages = {8},
 url = {http://portal.acm.org/citation.cfm?id=1599081.1599103},
 acmid = {1599103},
 publisher = {Association for Computational Linguistics},
 address = {Stroudsburg, PA, USA},
} 

@article{Lee11_Building,
 author = {Lee, Kong Joo and Choi, Yong-Seok and Kim, Jee Eun},
 title = {Building an automated English sentence evaluation system for students learning English as a second language},
 journal = {Comput. Speech Lang.},
 volume = {25},
 issue = {2},
 month = {April},
 year = {2011},
 issn = {0885-2308},
 pages = {246--260},
 numpages = {15},
 url = {http://dx.doi.org/10.1016/j.csl.2010.05.001},
 doi = {http://dx.doi.org/10.1016/j.csl.2010.05.001},
 acmid = {1879652},
 publisher = {Academic Press Ltd.},
 address = {London, UK, UK},
 keywords = {Automated scoring system, English sentences, Error production rules, Human rater, Inter-sentential error, Intra-sentential error, Natural language analysis},
} 

@inproceedings{Ototake09_English,
 author = {Ototake, Hokuto and Araki, Kenji},
 title = {English Article Correction System Using Semantic Category Based Inductive Learning Rules},
 booktitle = {Proceedings of the 22nd Australasian Joint Conference on Advances in Artificial Intelligence},
 series = {AI '09},
 year = {2009},
 isbn = {978-3-642-10438-1},
 location = {Melbourne, Australia},
 pages = {597--606},
 numpages = {10},
 url = {http://dx.doi.org/10.1007/978-3-642-10439-8_60},
 doi = {http://dx.doi.org/10.1007/978-3-642-10439-8_60},
 acmid = {1695202},
 publisher = {Springer-Verlag},
 address = {Berlin, Heidelberg},
} 

@inproceedings{Gamon10_Search,
 author = {Gamon, Michael and Leacock, Claudia},
 title = {Search right and thou shalt find...: using web queries for learner error detection},
 booktitle = {Proceedings of the NAACL HLT 2010 Fifth Workshop on Innovative Use of NLP for Building Educational Applications},
 series = {IUNLPBEA '10},
 year = {2010},
 location = {Los Angeles, California},
 pages = {37--44},
 numpages = {8},
 url = {http://portal.acm.org/citation.cfm?id=1866795.1866800},
 acmid = {1866800},
 publisher = {Association for Computational Linguistics},
 address = {Stroudsburg, PA, USA},
} 

@inproceedings{Futagi10_Effects,
 author = {Futagi, Yoko},
 title = {The effects of learner errors on the development of a collocation detection tool},
 booktitle = {Proceedings of the fourth workshop on Analytics for noisy unstructured text data},
 series = {AND '10},
 year = {2010},
 isbn = {978-1-4503-0376-7},
 location = {Toronto, ON, Canada},
 pages = {27--34},
 numpages = {8},
 url = {http://doi.acm.org/10.1145/1871840.1871846},
 doi = {http://doi.acm.org/10.1145/1871840.1871846},
 acmid = {1871846},
 publisher = {ACM},
 address = {New York, NY, USA},
 keywords = {collocation detection, computer-assisted language learning, learner errors, learner text},
} 

@inproceedings{Lee09_Human,
 author = {Lee, John and Tetreault, Joel and Chodorow, Martin},
 title = {Human evaluation of article and noun number usage: influences of context and construction variability},
 booktitle = {Proceedings of the Third Linguistic Annotation Workshop},
 series = {ACL-IJCNLP '09},
 year = {2009},
 isbn = {978-1-932432-52-7},
 location = {Suntec, Singapore},
 pages = {60--63},
 numpages = {4},
 url = {http://portal.acm.org/citation.cfm?id=1698381.1698391},
 acmid = {1698391},
 publisher = {Association for Computational Linguistics},
 address = {Stroudsburg, PA, USA},
} 

@inproceedings{Leacock09_User,
 author = {Leacock, Claudia and Gamon, Michael and Brockett, Chris},
 title = {User input and interactions on Microsoft Research ESL Assistant},
 booktitle = {Proceedings of the Fourth Workshop on Innovative Use of NLP for Building Educational Applications},
 series = {EdAppsNLP '09},
 year = {2009},
 isbn = {978-1-932432-37-4},
 location = {Boulder, Colorado},
 pages = {73--81},
 numpages = {9},
 url = {http://portal.acm.org/citation.cfm?id=1609843.1609854},
 acmid = {1609854},
 publisher = {Association for Computational Linguistics},
 address = {Stroudsburg, PA, USA},
} 

@inproceedings{Lee07_Detection,
 author = {Lee, John and Zhou, Ming and Liu, Xiaohua},
 title = {Detection of non-native sentences using machine-translated training data},
 booktitle = {Human Language Technologies 2007: The Conference of the North American Chapter of the Association for Computational Linguistics; Companion Volume, Short Papers},
 series = {NAACL-Short '07},
 year = {2007},
 location = {Rochester, New York},
 pages = {93--96},
 numpages = {4},
 url = {http://portal.acm.org/citation.cfm?id=1614108.1614132},
 acmid = {1614132},
 publisher = {Association for Computational Linguistics},
 address = {Stroudsburg, PA, USA},
} 

 @inproceedings{Chodorow07_Detection,
 author = {Chodorow, Martin and Tetreault, Joel R. and Han, Na-Rae},
 title = {Detection of grammatical errors involving prepositions},
 booktitle = {Proceedings of the Fourth ACL-SIGSEM Workshop on Prepositions},
 series = {SigSem '07},
 year = {2007},
 location = {Prague, Czech Republic},
 pages = {25--30},
 numpages = {6},
 url = {http://portal.acm.org/citation.cfm?id=1654629.1654635},
 acmid = {1654635},
 publisher = {Association for Computational Linguistics},
 address = {Stroudsburg, PA, USA},
} 

@inproceedings{Milton10_Toolkit,
 author = {Milton, John and Cheng, Vivying S. Y.},
 title = {A toolkit to assist L2 learners become independent writers},
 booktitle = {Proceedings of the NAACL HLT 2010 Workshop on Computational Linguistics and Writing: Writing Processes and Authoring Aids},
 series = {CL\&W '10},
 year = {2010},
 location = {Los Angeles, California},
 pages = {33--41},
 numpages = {9},
 url = {http://portal.acm.org/citation.cfm?id=1860657.1860662},
 acmid = {1860662},
 publisher = {Association for Computational Linguistics},
 address = {Stroudsburg, PA, USA},
} 

@inproceedings{DeFelice07_Automatically,
 author = {De Felice, Rachele and Pulman, Stephen G.},
 title = {Automatically acquiring models of preposition use},
 booktitle = {Proceedings of the Fourth ACL-SIGSEM Workshop on Prepositions},
 series = {SigSem '07},
 year = {2007},
 location = {Prague, Czech Republic},
 pages = {45--50},
 numpages = {6},
 url = {http://portal.acm.org/citation.cfm?id=1654629.1654639},
 acmid = {1654639},
 publisher = {Association for Computational Linguistics},
 address = {Stroudsburg, PA, USA},
} 

@article{Han06_Detecting,
 author = {Han, Na-Rae and Chodorow, Martin and Leacock, Claudia},
 title = {Detecting errors in English article usage by non-native speakers},
 journal = {Nat. Lang. Eng.},
 volume = {12},
 issue = {2},
 month = {June},
 year = {2006},
 issn = {1351-3249},
 pages = {115--129},
 numpages = {15},
 url = {http://portal.acm.org/citation.cfm?id=1133917.1133922},
 doi = {10.1017/S1351324906004190},
 acmid = {1133922},
 publisher = {Cambridge University Press},
 address = {New York, NY, USA},
} 

@inproceedings{Tetreault08_Native,
 author = {Tetreault, Joel R. and Chodorow, Martin},
 title = {Native judgments of non-native usage: experiments in preposition error detection},
 booktitle = {Proceedings of the Workshop on Human Judgements in Computational Linguistics},
 series = {HumanJudge '08},
 year = {2008},
 isbn = {978-1-905593-49-1},
 location = {Manchester, United Kingdom},
 pages = {24--32},
 numpages = {9},
 url = {http://portal.acm.org/citation.cfm?id=1611628.1611633},
 acmid = {1611633},
 publisher = {Association for Computational Linguistics},
 address = {Stroudsburg, PA, USA},
} 

@inproceedings{Albert09_Annotating,
 author = {Albert, Camille and Buscail, Laurie and Garnier, Marie and Rykner, Arnaud and Saint-Dizier, Patrick},
 title = {Annotating language errors in texts: investigating argumentation and decision schemas},
 booktitle = {Proceedings of the Third Linguistic Annotation Workshop},
 series = {ACL-IJCNLP '09},
 year = {2009},
 isbn = {978-1-932432-52-7},
 location = {Suntec, Singapore},
 pages = {130--133},
 numpages = {4},
 url = {http://portal.acm.org/citation.cfm?id=1698381.1698403},
 acmid = {1698403},
 publisher = {Association for Computational Linguistics},
 address = {Stroudsburg, PA, USA},
} 

@article{Baldwin09_Pepositions,
 author = {Baldwin, Timothy and Kordoni, Valia and Villavicencio, Aline},
 title = {Prepositions in applications: A survey and introduction to the special issue},
 journal = {Comput. Linguist.},
 issue_date = {June 2009},
 volume = {35},
 issue = {2},
 month = {June},
 year = {2009},
 issn = {0891-2017},
 pages = {119--149},
 numpages = {31},
 url = {http://dx.doi.org/10.1162/coli.2009.35.2.119},
 doi = {http://dx.doi.org/10.1162/coli.2009.35.2.119},
 acmid = {1596840},
 publisher = {MIT Press},
 address = {Cambridge, MA, USA},
} 

@inproceedings{Izumi05_Error,
    author = {Izumi, Emi and Uchimoto, Kiyotaka and Isahara, Hitoshi},
    booktitle = {Linguistically Interpreted Corpora (LINC-2005)},
    citeulike-article-id = {879858},
    keywords = {annotation, corpus, error, sla},
    posted-at = {2006-10-01 02:14:39},
    priority = {5},
    title = {{Error Annotation for Corpus of Japanese Learner English}},
    year = {2005}
}



@inproceedings{Lee04_Automatic,
 author = {Lee, John},
 title = {Automatic article restoration},
 booktitle = {Proceedings of the Student Research Workshop at HLT-NAACL 2004},
 series = {HLT-SRWS '04},
 year = {2004},
 location = {Boston, Massachusetts},
 pages = {31--36},
 numpages = {6},
 url = {http://portal.acm.org/citation.cfm?id=1614038.1614044},
 acmid = {1614044},
 publisher = {Association for Computational Linguistics},
 address = {Stroudsburg, PA, USA},
} 

@inproceedings{Dickinson08_Developing,
 author = {Dickinson, Markus and Herring, Joshua},
 title = {Developing online ICALL exercises for Russian},
 booktitle = {Proceedings of the Third Workshop on Innovative Use of NLP for Building Educational Applications},
 series = {EANL '08},
 year = {2008},
 isbn = {978-1-932432-08-4},
 location = {Columbus, Ohio},
 pages = {1--9},
 numpages = {9},
 url = {http://portal.acm.org/citation.cfm?id=1631836.1631837},
 acmid = {1631837},
 publisher = {Association for Computational Linguistics},
 address = {Stroudsburg, PA, USA},
} 

@INPROCEEDINGS{Murata04_English,
    author = {Masaki Murata and Hitoshi Isahara},
    title = {Three english learner assistance systems using automatic paraphrasing techniques},
    booktitle = {In PACLIC 18},
    year = {2004}
}

@conference{Cucerzanbrill04_Spelling,
  author = {S. Cucerzan and E. Brill},
  booktitle = {Proceedings of the Conference on Empirical Methods in Natural Language Processing (EMNLP)},
  interhash = {bf12c7484387e816584e16df968a0cbc},
  intrahash = {a9ff352d0379fbeb8ebbe3ba2373764f},
  title = {Spelling Correction as an Iterative Process that Exploits the Collective Knowledge of Web Users},
  year = 2004,
  keywords = {imported},
  added-at = {2010-11-26T09:32:26.000+0100},
  biburl = {http://www.bibsonomy.org/bibtex/2a9ff352d0379fbeb8ebbe3ba2373764f/wyswilson}
}

@INPROCEEDINGS{Granfeldt05direktprofil,
    author = {Jonas Granfeldt and Pierre Nugues and Emil Persson and Lisa Persson and Fabian Kostadinov and Malin Ågren and Suzanne Schlyter},
    title = {Direkt profil: A system for evaluating texts of second language learners of French based on developmental sequences},
    booktitle = {In Proceedings of The Second Workshop on Building Educational Applications Using Natural Language Processing, 43rd Annual Meeting of the Association of Computational Linguistics},
    year = {2005},
    pages = {29}
}

@inproceedings{Knutsson03_Transforming,
 author = {Knutsson, Ola and Pargman, Teresa Cerratto and Eklundh, Kerstin Severinson},
 title = {Transforming grammar checking technology into a learning environment for second language writing},
 booktitle = {Proceedings of the HLT-NAACL 03 workshop on Building educational applications using natural language processing - Volume 2},
 series = {HLT-NAACL-EDUC '03},
 year = {2003},
 pages = {38--45},
 numpages = {8},
 url = {http://dx.doi.org/10.3115/1118894.1118900},
 doi = {http://dx.doi.org/10.3115/1118894.1118900},
 acmid = {1118900},
 publisher = {Association for Computational Linguistics},
 address = {Stroudsburg, PA, USA},
} 

@INPROCEEDINGS{Eeg-olofsson03automaticgrammar,
    author = {Jens Eeg-olofsson and Ola Knutsson},
    title = {Automatic grammar checking for second language learners - the use of prepositions},
    booktitle = {In Nodalida},
    year = {2003}
}

@inproceedings{Lonsdale03_Automated,
 author = {Lonsdale, Deryle and Strong-Krause, Diane},
 title = {Automated rating of ESL essays},
 booktitle = {Proceedings of the HLT-NAACL 03 workshop on Building educational applications using natural language processing - Volume 2},
 series = {HLT-NAACL-EDUC '03},
 year = {2003},
 pages = {61--67},
 numpages = {7},
 url = {http://dx.doi.org/10.3115/1118894.1118903},
 doi = {http://dx.doi.org/10.3115/1118894.1118903},
 acmid = {1118903},
 publisher = {Association for Computational Linguistics},
 address = {Stroudsburg, PA, USA},
} 

@inproceedings{Toutanova02_Pronunciation,
 author = {Toutanova, Kristina and Moore, Robert C.},
 title = {Pronunciation modeling for improved spelling correction},
 booktitle = {Proceedings of the 40th Annual Meeting on Association for Computational Linguistics},
 series = {ACL '02},
 year = {2002},
 location = {Philadelphia, Pennsylvania},
 pages = {144--151},
 numpages = {8},
 url = {http://dx.doi.org/10.3115/1073083.1073109},
 doi = {http://dx.doi.org/10.3115/1073083.1073109},
 acmid = {1073109},
 publisher = {Association for Computational Linguistics},
 address = {Stroudsburg, PA, USA},
} 

@article{Wible01_Web,
title = "A Web-based EFL writing environment: integrating information for learners, teachers, and researchers",
journal = "Computers and Education",
volume = "37",
number = "3-4",
pages = "297 - 315",
year = "2001",
note = "",
issn = "0360-1315",
doi = "DOI: 10.1016/S0360-1315(01)00056-2",
url = "http://www.sciencedirect.com/science/article/B6VCJ-44B1V4X-7/2/a82f8f2b673317391d9305190e29a23d",
author = "David Wible and Chin-Hwa Kuo and Feng-yi Chien and Anne Liu and Nai-Lung Tsao",
keywords = "Interactive learning environments",
keywords = "Applications in subject areas",
keywords = "Architectures for educational technology system"
}

@inproceedings{Chodorow00_Unsupervised,
 author = {Chodorow, Martin and Leacock, Claudia},
 title = {An unsupervised method for detecting grammatical errors},
 booktitle = {Proceedings of the 1st North American chapter of the Association for Computational Linguistics conference},
 year = {2000},
 location = {Seattle, Washington},
 pages = {140--147},
 numpages = {8},
 url = {http://portal.acm.org/citation.cfm?id=974305.974324},
 acmid = {974324},
 publisher = {Morgan Kaufmann Publishers Inc.},
 address = {San Francisco, CA, USA},
} 

@inproceedings{Koppel05_Determining,
 author = {Koppel, Moshe and Schler, Jonathan and Zigdon, Kfir},
 title = {Determining an author's native language by mining a text for errors},
 booktitle = {Proceedings of the eleventh ACM SIGKDD international conference on Knowledge discovery in data mining},
 series = {KDD '05},
 year = {2005},
 isbn = {1-59593-135-X},
 location = {Chicago, Illinois, USA},
 pages = {624--628},
 numpages = {5},
 url = {http://doi.acm.org/10.1145/1081870.1081947},
 doi = {http://doi.acm.org/10.1145/1081870.1081947},
 acmid = {1081947},
 publisher = {ACM},
 address = {New York, NY, USA},
 keywords = {author profiling, text mining},
} 

@inproceedings{Tsur07_Using,
 author = {Tsur, Oren and Rappoport, Ari},
 title = {Using classifier features for studying the effect of native language on the choice of written second language words},
 booktitle = {Proceedings of the Workshop on Cognitive Aspects of Computational Language Acquisition},
 series = {CACLA '07},
 year = {2007},
 location = {Prague, Czech Republic},
 pages = {9--16},
 numpages = {8},
 url = {http://portal.acm.org/citation.cfm?id=1629795.1629797},
 acmid = {1629797},
 publisher = {Association for Computational Linguistics},
 address = {Stroudsburg, PA, USA},
} 

@article{Knutsson07_Designing,
 author = {Knutsson, Ola and Pargman, Teresa Cerratto and Eklundh, Kerstin Severinson and Westlund, Stefan},
 title = {Designing and developing a language environment for second language writers},
 journal = {Comput. Educ.},
 volume = {49},
 issue = {4},
 month = {December},
 year = {2007},
 issn = {0360-1315},
 pages = {1122--1146},
 numpages = {25},
 url = {http://portal.acm.org/citation.cfm?id=1284908.1285054},
 doi = {10.1016/j.compedu.2006.01.005},
 acmid = {1285054},
 publisher = {Elsevier Science Ltd.},
 address = {Oxford, UK, UK},
 keywords = {Adult learning, Evaluation of CAL systems, Human-computer interface, Interactive learning environments},
} 

@inproceedings{Nagata06_Feedback,
 author = {Nagata, Ryo and Morihiro, Koichiro and Kawai, Atsuo and Isu, Naoki},
 title = {A feedback-augmented method for detecting errors in the writing of learners of English},
 booktitle = {Proceedings of the 21st International Conference on Computational Linguistics and the 44th annual meeting of the Association for Computational Linguistics},
 series = {ACL-44},
 year = {2006},
 location = {Sydney, Australia},
 pages = {241--248},
 numpages = {8},
 url = {http://dx.doi.org/10.3115/1220175.1220206},
 doi = {http://dx.doi.org/10.3115/1220175.1220206},
 acmid = {1220206},
 publisher = {Association for Computational Linguistics},
 address = {Stroudsburg, PA, USA},
} 

@MISC{Shih00_compilingtaiwanese,
    author = {Rebecca Hsue-hueh Shih},
    title = {Compiling Taiwanese Learner Corpus of English},
    year = {2000}
}

@inproceedings{Brill00_Improved,
 author = {Brill, Eric and Moore, Robert C.},
 title = {An improved error model for noisy channel spelling correction},
 booktitle = {Proceedings of the 38th Annual Meeting on Association for Computational Linguistics},
 series = {ACL '00},
 year = {2000},
 location = {Hong Kong},
 pages = {286--293},
 numpages = {8},
 url = {http://dx.doi.org/10.3115/1075218.1075255},
 doi = {http://dx.doi.org/10.3115/1075218.1075255},
 acmid = {1075255},
 publisher = {Association for Computational Linguistics},
 address = {Stroudsburg, PA, USA},
} 

@inproceedings{Schneider98_Recognizing,
 author = {Schneider, David and McCoy, Kathleen F.},
 title = {Recognizing syntactic errors in the writing of second language learners},
 booktitle = {Proceedings of the 17th international conference on Computational linguistics - Volume 2},
 series = {COLING '98},
 year = {1998},
 location = {Montreal, Quebec, Canada},
 pages = {1198--1204},
 numpages = {7},
 url = {http://dx.doi.org/10.3115/980432.980765},
 doi = {http://dx.doi.org/10.3115/980432.980765},
 acmid = {980765},
 publisher = {Association for Computational Linguistics},
 address = {Stroudsburg, PA, USA},
} 

@article{Vandeventer01_Creating,
 author = {Vandeventer, Anne},
 title = {Creating a grammar checker for CALL by constraint relaxation\&colon; a feasibility study},
 journal = {ReCALL},
 volume = {13},
 issue = {1},
 month = {May},
 year = {2001},
 issn = {0958-3440},
 pages = {110--120},
 numpages = {11},
 url = {http://portal.acm.org/citation.cfm?id=985027.985037},
 doi = {10.1017/S095834400100101X},
 acmid = {985037},
 publisher = {Cambridge University Press},
 address = {New York, NY, USA},
} 

@inproceedings{Jones97_Contextual,
 author = {Jones, Michael P. and Martin, James H.},
 title = {Contextual spelling correction using latent semantic analysis},
 booktitle = {Proceedings of the fifth conference on Applied natural language processing},
 series = {ANLC '97},
 year = {1997},
 location = {Washington, DC},
 pages = {166--173},
 numpages = {8},
 url = {http://dx.doi.org/10.3115/974557.974582},
 doi = {http://dx.doi.org/10.3115/974557.974582},
 acmid = {974582},
 publisher = {Association for Computational Linguistics},
 address = {Stroudsburg, PA, USA},
} 
